@misc{scipy,
  author = {Eric Jones and Travis Oliphant and Pearu Peterson and others},
  title = {{SciPy}: Open source scientific tools for {Python}},
  year = {2001--},
  url = "http://www.scipy.org/"
}

@misc{nfldb,
  author = {Andrew Gallant},
  title = {{nfldb}: A library to manage and update NFL data in a relational
    database.},
  year = {2014--},
  url = "http://github.com/BurntSushi/nfldb"
}

@misc{skopt,
  author = {Tim Head, and others},
  title = {{scikit-optimize}: simple and efficient library to minimize (very) expensive and noisy black-box functions},
  year = {2016--},
  url = "http://github.com/scikit-optimize/scikit-optimize"
}
